% Encoding: UTF-8

@Book{Martello1990,
  title     = {Knapsack Problems: Algorithms and Computer Implementations},
  publisher = {John Wiley \& Sons, Inc.},
  year      = {1990},
  author    = {Martello, Silvano and Toth, Paolo},
  address   = {New York, NY, USA},
  isbn      = {0-471-92420-2},
}

@book{Chvatal2016,
  title={Linear Programming},
  isbn={9781429280518},
  series={Series of books in the mathematical sciences},
  url={https://books.google.com.br/books?id=05QZvgAACAAJ},
  year={2016},
  publisher={BEDFORD BOOKS}
}

@Book{Kellerer2004,
  title     = {Knapsack Problems},
  year      = {2004},
  author    = {Kellerer, Hans and Pferschy, Ulrich and Pisinger, David},
  month     = {01},
  isbn      = {978-3-540-40286-2},
  booktitle = {Knapsack Problems},
}

@MastersThesis{Marques2000,
  author = {Marques, Fabiano do Prado},
  title  = {O problema da mochila compartimentada},
  school = {ICMC - USP},
  year   = {2000},
  type   = {Dissertação de Mestrado},
}

@PhdThesis{Hoto2001,
  author  = {Hoto, R. S. V.},
  title   = {O Problema da Mochila Compartimentada Aplicado no Corte de Bobinas de Aço},
  school  = {UFRJ},
  year    = {2001},
  type    = {Tese de Doutorado},
  address = {Rio de Janeiro},
}

@MastersThesis{Leao2009,
  author  = {Leão, A. A. d. Souza},
  title   = {Geração de Colunas para problemas de cortes em duas fases},
  school  = {ICMC - USP},
  year    = {2009},
  type    = {Dissertação de Mestrado},
  address = {São Carlos},
}

@MastersThesis{Inarejos2015,
  author  = {Inarejos, Osvaldo},
  title   = {Sobre a não-linearidade do Problema da Mochila Compartimentada},
  school  = {UEL},
  year    = {2015},
  type    = {Dissertação de Mestrado},
  address = {Londrina},
}

@InProceedings{Hoto2006,
  author    = {Hoto, R. and Fenato, A. and Yannasse, H. and Maculan, N. and Spolador, F.},
  title     = {Uma nova abordagem para o problema da Mochila Compartimentada},
  booktitle = {Anel do XXXVIII Simp{\'o}sio brasileiro de Pesquisa Operacional},
  year      = {2006},
  journal   = {XXXVIII Simp{\'o}sio brasileiro de Pesquisa Operacional},
}

@Article{Marques2007,
  author   = {Marques, F.P. and Arenales, M. N.},
  title    = {The constrained compartmentalised knapsack problem},
  journal  = {Computers \& Operations Research},
  year     = {2007},
  volume   = {34},
  number   = {7},
  pages    = {2109 - 2129},
  issn     = {0305-0548},
  doi      = {https://doi.org/10.1016/j.cor.2005.08.011},
  keywords = {Knapsack problems, Cutting and packing problems, Integer and combinatorial optimisation},
}

@MastersThesis{Cruz2010,
  author  = {Cruz, E. P. d.},
  title   = {Uma Abordagem Heurística Linear para Mochilas Compartimentadas Restritas},
  school  = {UEL},
  year    = {2010},
  type    = {Dissertação de Mestrado},
  address = {Londrina},
}

@Article{Gau1995,
  author   = {Gau, T. and Wäsher, G.},
  title    = {CUTGEN1: A problem generator for the Standar One-dimensional Cutting Stock Problem},
  journal  = {European Jornal of Operational Research},
  year     = {1995},
  volume   = {84},
  number   = {3},
  pages    = {572-579},
  keywords = {generator},
}

@Article{Pisinger1995,
  author   = {David Pisinger},
  title    = {A Minimal Algorithm for the Bounded Knapsack Problem},
  journal  = {Computer Science},
  year     = {1995},
  pages    = {95-109},
}

@Article{Xavier2008,
  author    = {E.C. Xavier and F.K. Miyazawa},
  title     = {The class constrained bin packing problem with applications to video-on-demand},
  journal   = {Theoretical Computer Science},
  year      = {2008},
  volume    = {393},
  number    = {1-3},
  pages     = {240--259},
  month     = {mar},
  doi       = {10.1016/j.tcs.2008.01.001},
  publisher = {Elsevier {BV}},
}

@InProceedings{Sobhani2016,
  author    = {A. Sobhani and A. Yassine and S. Shirmohammadi},
  title     = {QoE-Driven Optimization for DASH Service in Wireless Networks},
  booktitle = {2016 IEEE International Symposium on Multimedia (ISM)},
  year      = {2016},
  pages     = {232-237},
  month     = {Dec},
  doi       = {10.1109/ISM.2016.0053},
  keywords  = {hypermedia;mobile radio;quality of experience;radio networks;transport protocols;QoE-driven optimization;DASH service;wireless networks;dynamic adaptive streaming over HTTP;wireless mobile networks;3GPP DASH;video quality;Streaming media;Optimization;Linear programming;Bit rate;Quality of service;Wireless networks;DASH;3GPP;Wireless Networks;Optimization;Quality of experience},
}

@Article{Hoto2003,
  author    = {Robinson Hoto and Nelson Maculan and Fabiano Marques and Marcos Arenales},
  title     = {Um problema de corte com padr{\~{o}}es compartimentados},
  journal   = {Pesquisa Operacional},
  year      = {2003},
  volume    = {23},
  number    = {1},
  pages     = {169--187},
  month     = {jan},
  doi       = {10.1590/s0101-74382003000100013},
  publisher = {{FapUNIFESP} ({SciELO})},
}

@Article{Inarejos2017,
  author    = {Osvaldo Inarejos and Robinson Hoto and Nelson Maculan},
  title     = {A Integer linear optimization model to the compartimentalized knapsack problem},
  journal   = {International Transactions in Operational Research},
  year      = {2017},
  volume    = {00},
  number    = {1},
  pages     = {1-20},
  month     = {out},
  doi       = {10.1111/itor.12490},
}

@article{sf,
	author=	{J. Soeiro~Ferreira and M.A. Neves and P.F. Castro},
	title=	{A Two--Phase Roll Cutting Problem},
	journal=	{European Journal of Operational Research},
	year=		1990,
	volume=	44,
	pages=	{185--196}}

@Article{Quiroga-Orozco2018,
  author  = {J. J. Quiroga-Orozco and J. M. Valerio de Carvalho and Robinson S. V. Hoto},
  title   = {A Strong Integer Linear Optimization Model to the Compartmentalized Knapsack Problem},
  journal = {International Transactions in Operational Research},
  year    = {2018},
}

@MastersThesis{Becker2017,
  author = {Henrique Becker;},
  title  = {The Unbounded Knapsack Problem: a critical review},
  school = {Universidade Federal do Rio Grande do Sul},
  year   = {2017},
  type   = {Master Thesis},
  month  = mar,
}

@MastersThesis{Orozco2018,
  author  = {John Jairo Quiroga Orozco},
  title   = {Um Método \textit{Branch and Bound} para o Problema da Compartimentação das Mochilas},
  school  = {Universidade Estadual de Londrina},
  year    = {2018},
  type    = {Dissertação de Mestrado},
  address = {Londrina},
}

@MastersThesis{Macedo2018,
  author  = {Macêdo, Larissa Daiana de},
  title   = {Análise do comportamento inovativo da indústria nacional no período de 2003-2014 sob a influência das políticas industriais de inovação},
  school  = {Universidade Federal de Alagoas},
  year    = {2018},
  type    = {Dissertação},
  address = {Maceio},
  month   = jun,
}

@TechReport{DASH2014,
  author      = {ISO/IEC DIS 23009-1.2},
  title       = {Information technology — Dynamic adaptive streaming over HTTP (DASH) — Part 1: Media presentation description and segment formats.},
  institution = {ISO/IEC},
  year        = {2014},
}

@Article{THANG2012,
  author  = {Thang T. C. ; Ho Q.-D.; Kang J. W. and A. T. Pham},
  title   = {Adaptive streaming of audiovisual content using mpeg dash},
  journal = {IEEE Transactions on Consumer Electronics},
  year    = {2012},
  volume  = {58},
  number  = {1},
  pages   = {78-85},
}

@Conference{Leao2008,
  author    = {Leao, A. A. de S.; Santos, M. O.; Arenales, M. N. and Hoto, R. S. V.},
  title     = {Uma Heurística Para o Problema Da Mochila Compartimentada},
  booktitle = {XL SBPO},
  year      = {2008},
}

@Article{Marques2002,
  author  = {Marques, F. do P. and Arenales, M. N},
  title   = {O Problema Da Mochila Compartimentada e Aplicações},
  journal = {Pesquisa Operacional},
  year    = {2002},
  volume  = {22},
  number  = {3},
  pages   = {285-304},
  month   = dec,
  issn    = {0101-7438},
}

@Article{Gilmore1963,
  author  = {Gilmore, P. C. and Gomory, R. E.},
  title   = {A Linear Programming Approach to the Cutting Stock Problem - Part II},
  journal = {Operations Research},
  year    = {1963},
  month   = may,
}

@Comment{jabref-meta: databaseType:bibtex;}
